%%==================================================
%% chap1.bib for BIT Master Thesis
%% modified by yang yating
%% version: 0.1
%% last update: Dec 25th, 2016
%%==================================================

@article{Lynch2008Big,
	title={Big data: How do your data grow?},
	author={Lynch, C},
	journal={Nature},
	volume={455},
	number={7209},
	pages={28},
	year={2008},
}

@article{Li2012Research,
	title={Research status and scientific thinking of big data},
	author={Li, G. and Cheng, X.},
	journal={Bulletin of Chinese Academy of Sciences},
	year={2012},
}

@article{Wang2013Network,
	title={Network Big Data:Present and Future},
	author={Wang, Yuan Zhuo},
	journal={Chinese Journal of Computers},
	volume={36},
	number={6},
	pages={1125-1138},
	year={2013},
}

@Misc{McKinsey2011,
	note = "\url{https://www.mckinsey.com/business-functions/digital-mckinsey/our-insights/big-data-the-next-frontier-for-innovation}",
	note = {Accessed 2011},
	title = {Big Data: The Next Frontier for Innovation, Comptetition, and Productivity},
	author = {James Manyika, Michael Chui}
}

@article{White2009Hadoop,
	title={Hadoop : the definitive guide},
	author={White, Tom and Cutting, Doug},
	journal={O’reilly Media Inc Gravenstein Highway North},
	volume={215},
	number={11},
	pages={1 - 4},
	year={2009},
}

@article{李圣2016大数据流式计算系统研究综述,
	title={大数据流式计算系统研究综述},
	author={李圣 and 黄永忠 and 陈海勇},
	journal={信息工程大学学报},
	volume={17},
	number={1},
	pages={88-92},
	year={2016},
}

@Misc{kafka2013,
	note = {\url{http://kafka.apache.org/design.html}},
	title = {Apache Kafka, A high-throughput distributed messaging system}
}

@inproceedings{Auradkar2012Data,
	title={Data Infrastructure at LinkedIn},
	author={Auradkar, Aditya and Botev, Chavdar and Das, Shirshanka and Maagd, Dave De},
	booktitle={IEEE  International Conference on Data Engineering},
	pages={1370-1381},
	year={2012},
}

@inproceedings{Chauhan2012Performance,
	title={Performance Evaluation of Yahoo! S4: A First Look},
	author={Chauhan, Jagmohan and Chowdhury, Shaiful Alam and Makaroff, Dwight},
	booktitle={Seventh International Conference on P2p, Parallel, Grid, Cloud and Internet Computing},
	pages={58-65},
	year={2012},
}

@inproceedings{Xhafa2015Processing,
	title={Processing and Analytics of Big Data Streams with Yahoo!S4},
	author={Xhafa, Fatos and Naranjo, Victor and Caballe, Santi},
	booktitle={IEEE  International Conference on Advanced Information NETWORKING and Applications},
	pages={263-270},
	year={2015},
}

@inproceedings{Neumeyer2011S4,
	title={S4: Distributed Stream Computing Platform},
	author={Neumeyer, Leonardo and Robbins, Bruce and Nair, Anish and Kesari, Anand},
	booktitle={IEEE International Conference on Data Mining Workshops},
	pages={170-177},
	year={2011},
}

@article{Patrizio2006StreamBase,
	title={StreamBase's Real-Time Database Gets More Real},
	author={Patrizio, Andy},
	journal={Software Development Times},
	number={May},
	year={2006},
}

@article{Abadi2005The,
	title={The Design of the Borealis Stream Processing Engine},
	author={Abadi, Daniel J. and Ahmad, Yanif and Balazinska, Magdalena and Çetintemel, Ugur and Cherniack, Mitch and Hwang, Jeong Hyon and Lindner, Wolfgang and Maskey, Anurag and Rasin, Alex and Ryvkina, Esther},
	journal={Cidr},
	pages={277--289},
	year={2005},
}

@article{孙玉芬2007流数据挖掘综述,
	title={流数据挖掘综述},
	author={孙玉芬 and 卢炎生},
	journal={计算机科学},
	volume={34},
	number={1},
	pages={1-5},
	year={2007},
}

@article{于戈2006数据流分析,
	title={数据流分析与挖掘技术现状与发展},
	author={于戈，周傲英，张天成，秦首科},
	journal={中国计算机学会通讯},
	volume={7},
	year={2006},
}

@article{croux2018robust,
	title={Robust principal component analysis based on trimming around affine subspaces},
	author={Croux, Christophe and Garciaescudero, Luis Angel and Gordaliza, Alfonso and Ruwet, Christel and Martin, Roberto San},
	journal={Statistica Sinica},
	year={2018}}

@article{Chandola2009Anomaly,
	title={Anomaly detection:A survey},
	author={Chandola, Varun and Banerjee, Arindam and Kumar, Vipin},
	journal={Acm Computing Surveys},
	volume={41},
	number={3},
	pages={1-58},
	year={2009},
}

@article{Song2007Conditional,
	title={Conditional anomaly detection},
	author={Song, Xiuyao and Wu, Mingxi and Jermaine, Christopher and Ranka, Sanjay},
	journal={IEEE Transactions on Knowledge and Data Engineering},
	volume={19},
	number={5},
	pages={631-645},
	year={2007},
}

@inproceedings{Zheng2015Detecting,
	title={Detecting collective anomalies from multiple spatio-temporal datasets across different domains},
	author={Zheng, Yu and , Huichu and Yu, Yong},
	booktitle={Sigspatial International Conference on Advances in Geographic Information Systems},
	pages={2},
	year={2015},
}

@article{G2013Toward,
	title={Toward Supervised Anomaly Detection},
	author={Görnitz, Nico and Kloft, Marius and Rieck, Konrad and Brefeld, Ulf},
	journal={Journal of Artificial Intelligence Research},
	volume={45},
	number={1},
	pages={235-262},
	year={2013},
}

@article{gonbadi2015supervised,
	title={Supervised geochemical anomaly detection by pattern recognition},
	author={Gonbadi, Arman Mohammadi and Tabatabaei, Seyed Hasan and Carranza, Emmanuel John M},
	journal={Journal of Geochemical Exploration},
	volume={157},
	pages={81--91},
	year={2015}}

@article{Thakran2012Unsupervised,
	title={Unsupervised outlier detection in streaming data using weighted clustering},
	author={Thakran, Yogita and Toshniwal, Durga},
	journal={World Academy of Science Engineering and Technology},
	pages={947-952},
	year={2012},
}

@article{Ronald1995Outliers,
	title={Outliers In Statistical Data},
	author={Ronald   Bremer},
	journal={Technometrics},
	volume={37},
	number={1},
	pages={117-118},
	year={1995},
}

@article{Ozkan2016Online,
	title={Online Anomaly Detection Under Markov Statistics With Controllable Type-I Error},
	author={Ozkan, Huseyin and Ozkan, Fatih and Kozat, Suleyman S.},
	journal={IEEE Transactions on Signal Processing},
	volume={64},
	number={6},
	pages={1435-1445},
	year={2016},
}

@article{Rousseeuw2017Anomaly,
	title={Anomaly detection by robust statistics},
	author={Rousseeuw, Peter J and Hubert, Mia},
	journal={Wiley Interdisciplinary Reviews Data Mining and Knowledge Discovery},
	year={2017},
}

@article{Grubbs1969Procedures,
	title={Procedures for Detecting Outlying Observations in Samples},
	author={Grubbs, Franke.},
	journal={Technometrics},
	volume={11},
	number={1},
	pages={1-21},
	year={1969},
}

@article{Gregory1987Robust,
	title={Robust Regression and Outlier Detection},
	author={Gregory F.   Piepel},
	volume={31},
	number={2},
	pages={260-261},
	year={1987},
}

@book{Barnett1978Outliers,
	title={Outliers in Statistical Data},
	author={Barnett, V. and Lewis, T. and Abeles, Francine},
	publisher={Wiley},
	pages={117-118},
	year={1978},
}

@phdthesis{金伟2016基于统计方法的异常数据检测及其修复,
	title={基于统计方法的异常数据检测及其修复},
	author={金伟},
	school={南京邮电大学},
	year={2016},
}

@article{Rajasegarar2014Hyperspherical,
	title={Hyperspherical cluster based distributed anomaly detection in wireless sensor networks},
	author={Rajasegarar, Sutharshan and Leckie, Christopher and Palaniswami, Marimuthu},
	journal={Journal of Parallel and Distributed Computing},
	volume={74},
	number={1},
	pages={1833-1847},
	year={2014},
}

@article{jain1999data,
	title={Data clustering: a review},
	author={Jain, Anil K and Murty, M N and Flynn, P J},
	journal={ACM Computing Surveys},
	volume={31},
	number={3},
	pages={264--323},
	year={1999}}

@article{Zimmer2017Cluster,
	title={Cluster anomaly detection using function interposition},
	author={Zimmer, Vincent and Valles, Antonio},
	year={2017},
}

@inproceedings{Knorr1998Algorithms,
	title={Algorithms for Mining Distance-Based Outliers in Large Datasets},
	author={Knorr, Edwin M. and Ng, Raymond T.},
	booktitle={International Conference on Very Large Data Bases},
	pages={392-403},
	year={1998},
}

@article{Knorr1999Finding,
	title={Finding Intensional Knowledge of Distance-Based Outliers},
	author={Knorr, Edwin M and Ng, Raymond T},
	journal={Vldb},
	pages={211-222},
	year={1999},
}

@book{Bentley1975Multidimensional,
	title={Multidimensional binary search trees used for associative searching},
	author={Bentley, Jon Louis},
	publisher={ACM},
	pages={509-517},
	year={1975},
}

@inproceedings{Wald2006On,
	title={On building fast kd-Trees for Ray Tracing, and on doing that in O(N log N)},
	author={Wald, I and Havran, V},
	booktitle={Interactive Ray Tracing 2006, IEEE Symposium on},
	pages={61-69},
	year={2006},
}

@article{Guttman1984R,
	title={R-trees: A dynamic index structure for sparial searching},
	author={Guttman, A.},
	journal={Acm Sigmod Record},
	volume={14},
	number={2},
	pages={47-57},
	year={1984},
}

@article{Hadjieleftheriou2016R,
	title={R-Trees: A Dynamic Index Structure for Spatial Searching},
	author={Hadjieleftheriou, Marios and Manolopoulos, Yannis and Theodoridis, Yannis and Tsotras, Vassilis J.},
	year={2016},
}

@article{Zhang2016A,
	title={A Low-Rank and Sparse Matrix Decomposition-Based Mahalanobis Distance Method for Hyperspectral Anomaly Detection},
	author={Zhang, Yuxiang and Du, Bo and Zhang, Liangpei and Wang, Shugen},
	journal={IEEE Transactions on Geoscience and Remote Sensing},
	volume={54},
	number={3},
	pages={1376-1389},
	year={2016},
}

@phdthesis{王斌2009面向不确定感知数据的异常数据检测技术,
	title={面向不确定感知数据的异常数据检测技术},
	author={王斌},
	school={东北大学},
	year={2009},
}

@article{Zhao2016Density,
	title={Density background refinement-based anomaly detection algorithm for hyperspectral images},
	author={Zhao, Chunhui and Wang, Xinpeng and Yan, Yiming},
	journal={Journal of Harbin Engineering University},
	year={2016},
}

@inproceedings{Liu2009Isolation,
	title={Isolation Forest},
	author={Liu, Fei Tony and Kai, Ming Ting and Zhou, Zhi Hua},
	booktitle={Eighth IEEE International Conference on Data Mining},
	pages={413-422},
	year={2009},
}

@book{Liu2012Isolation,
	title={Isolation-Based Anomaly Detection},
	author={Liu, Fei Tony and Kai, Ming Ting and Zhou, Zhi Hua},
	publisher={ACM},
	pages={1-39},
	year={2012},
}

@article{Iijima1994A,
	title={A piecewise-linear regression on the ASHRAE time-series data},
	author={Iijima, Makoto and Takagi, Kenji and Takeuchi, Ryo and Matsumoto, Takashi},
	year={1994},
}

@inproceedings{Wang2016A,
	title={A piecewise linear representation based on compression ratio},
	author={Wang, Jing and Yuan, Haibin and Wu, Qicai and Li, Rong and Su, Juan},
	booktitle={Prognostics and System Health Management Conference},
	pages={1-5},
	year={2016},
}

@article{张海涛2015时间序列的层次分段及相似性度量,
	title={时间序列的层次分段及相似性度量},
	author={张海涛 and 李志华 and 孙雅 and 张华伟},
	journal={计算机工程与应用},
	volume={51},
	number={10},
	pages={147-151},
	year={2015},
}

@article{戴爱明2009时间序列三角极值点线性分段算法,
	title={时间序列三角极值点线性分段算法},
	author={戴爱明 and 高学东},
	journal={南昌航空大学学报(自然科学版)},
	volume={23},
	number={2},
	pages={25-28},
	year={2009},
}

@article{刘贺红2010确定时间序列分段点的方法研究,
	title={确定时间序列分段点的方法研究},
	author={刘贺红 and 张毅坤},
	journal={计算机工程与应用},
	volume={46},
	number={13},
	pages={44-46},
	year={2010},
}

@inproceedings{Zhu2007A,
	title={A Piecewise Linear Representation Method of Time Series Based on Feature Points},
	author={Zhu, Yuelong and Wu, De and Li, Shijin},
	booktitle={International Conference on Knowledge-Based and Intelligent Information and Engineering Systems},
	pages={1066-1072},
	year={2007},
}

@article{Grinsted2004Application,
	title={Application of the cross wavelet transform and wavelet coherence to geophysical time series},
	author={Grinsted, A and Moore, J. C and Jevrejeva, S},
	journal={Nonlinear Processes in Geophysics},
	volume={11},
	number={5/6},
	pages={561-566},
	year={2004},
}

@article{Cooley1977The,
	title={The fast fourier transform and its application to time series analysis},
	author={Cooley, J. W and Lewis, P. A and Welch, P. D},
	journal={Statistical Methods for Digital Computers},
	year={1977},
}

@article{Zhang2016An,
	title={An Infrared Image Background Removing Dynamic Compression Algorithm Based on Frequency Domain},
	author={Zhang, Lu Qing},
	journal={Optics and Optoelectronic Technology},
	year={2016},
}

@article{Dwivedi2015A,
	title={A test for second‐order stationarity of a time series based on the discrete Fourier transform},
	author={Dwivedi, Yogesh and Subba Rao, Suhasini},
	journal={Social Science Electronic Publishing},
	volume={32},
	number={1},
	pages={68-91},
	year={2015},
}

@article{Zhang2003Detection,
	title={Detection of outbreaks from time series data using wavelet transform.},
	author={Zhang, J. and Tsui, F and Wagner, M. M. and Hogan, W. R.},
	journal={AMIA ... Annual Symposium proceedings / AMIA Symposium. AMIA Symposium},
	volume={2003},
	pages={748-752},
	year={2003},
}

@article{Laisn2015A,
	title={A discrete wavelet transform (DWT)‐based compression technique for the computation of Kirchhoff integrals in MR/FDTD},
	author={Laisné, Alexandre and Gillard, Raphaël and Citerne, Jacques and Piton, Gérard},
	journal={Microwave and Optical Technology Letters},
	volume={27},
	number={5},
	pages={312-316},
	year={2015},
}

@article{Lin2007Experiencing,
	title={Experiencing SAX: a novel symbolic representation of time series},
	author={Lin, Jessica and Keogh, Eamonn and Li, Wei and Lonardi, Stefano},
	journal={Data Mining and Knowledge Discovery},
	volume={15},
	number={2},
	pages={107-144},
	year={2007},
}

@article{Cadzow1983Singular,
	title={Singular-value decomposition approach to time series modelling},
	author={Cadzow, James A and Baseghi, Behshad and Hsu, Tony},
	journal={Communications Radar and Signal Processing Iee Proceedings F},
	volume={130},
	number={3},
	pages={202-210},
	year={1983},
}

@article{He2011Incremental,
	title={Incremental Learning From Stream Data},
	author={He, Haibo and Chen, Sheng and Li, Kang and Xu, Xin},
	journal={IEEE Transactions on Neural Networks},
	volume={22},
	number={12},
	pages={1901-14},
	year={2011},
}

@inproceedings{Bifet2009Improving,
	title={Improving Adaptive Bagging Methods for Evolving Data Streams},
	author={Bifet, Albert and Holmes, Geoff and Pfahringer, Bernhard},
	booktitle={Asian Conference on Machine Learning Advances in Machine Learning},
	pages={23-37},
	year={2009},
}

@article{Ando2015Ensemble,
	title={Ensemble anomaly detection from multi-resolution trajectory features},
	author={Ando, Shin and Thanomphongphan, Theerasak and Seki, Yoichi and Suzuki, Einoshin},
	journal={Data Mining and Knowledge Discovery},
	volume={29},
	number={1},
	pages={39-83},
	year={2015},
}

@phdthesis{屠莉2009流数据的频繁项挖掘及聚类的关键技术研究,
	title={流数据的频繁项挖掘及聚类的关键技术研究},
	author={屠莉},
	school={南京航空航天大学},
	year={2009},
}

@article{马菲2015一种基于可变网格划分的离群点检测算法,
	title={一种基于可变网格划分的离群点检测算法},
	author={马菲 and 朱昌杰 and 郑颖 and 邓杰},
	journal={江南大学学报:自然科学版},
	volume={14},
	number={6},
	pages={751-757},
	year={2015},
}

@article{王敬华2015基于粗约简和网格的离群点检测,
	title={基于粗约简和网格的离群点检测},
	author={王敬华 and 金鹏},
	journal={计算机工程与应用},
	volume={51},
	number={3},
	pages={133-137},
	year={2015},
}

@article{杨宜东2006基于动态网格的数据流离群点快速检测算法,
	title={基于动态网格的数据流离群点快速检测算法},
	author={杨宜东 and 孙志挥 and 朱玉全 and 杨明 and 张柏礼},
	journal={软件学报},
	volume={17},
	number={8},
	pages={1796-1803},
	year={2006},
}

@article{Breunig2000LOF,
	title={LOF: identifying density-based local outliers},
	author={Breunig, Markus M.},
	journal={Acm Sigmod Record},
	volume={29},
	number={2},
	pages={93-104},
	year={2000},
}

@article{Domingos2003A,
	title={A general framework for mining massive data streams},
	author={Domingos, P and Hulten, G},
	journal={Journal of Computational and Graphical Statistics},
	volume={12},
	number={4},
	pages={945-949},
	year={2003},
}

@inproceedings{Pokrajac2007Incremental,
	title={Incremental Local Outlier Detection for Data Streams},
	author={Pokrajac, D and Lazarevic, A and Latecki, L. J},
	booktitle={Computational Intelligence and Data Mining, 2007. CIDM 2007. IEEE Symposium on},
	pages={504-515},
	year={2007},
}

@inproceedings{Roussopoulos1995Nearest,
	title={Nearest Neighbor Queries},
	author={Roussopoulos, Nick and Kelley, Stephen and Vincent, Frédéic},
	booktitle={ACM SIGMOD International Conference on Management of Data},
	pages={71-79},
	year={1995},
}

@inproceedings{Achtert2006Efficient,
	title={Efficient reverse k-nearest neighbor search in arbitrary metric spaces},
	author={Achtert, Elke and Kunath, Peter and Pryakhin, Alexey and Renz, Matthias},
	booktitle={ACM SIGMOD International Conference on Management of Data},
	pages={515-526},
	year={2006},
}

@misc{
	KDDData,
	title = {KDD Cup 1999 Data},
	note = "\url{http://kdd.ics.uci.edu/databases/kddcup99/kddcup99.html}"
}

@misc{
	GaitData,
	title = {Daphnet Freezing of Gait Data Set},
	note = {\url{https://archive.ics.uci.edu/ml/datasets/Daphnet+Freezing+of+Gait#}}
}

@misc{
	gasdata,
	title = {Gas sensor array under dynamic gas mixtures Data Set},
	note = {\url{https://archive.ics.uci.edu/ml/datasets/Gas+sensor+array+under+dynamic+gas+mixtures}}
}