%%==================================================
%% chap1.bib for BIT Master Thesis
%% modified by yang yating
%% version: 0.1
%% last update: Dec 25th, 2016
%%==================================================
%% This BibTeX bibliography file was created using BibDesk.
%% http://bibdesk.sourceforge.net/

%% Created for 杨恬 at 2018-05-23 15:41:51 +0800 


%% Saved with string encoding Unicode (UTF-8) 
@article{DBLP:journals/corr/abs-1708-06525,
  author    = {Xiaojun Xu and
               Chang Liu and
               Qian Feng and
               Heng Yin and
               Le Song and
               Dawn Song},
  title     = {Neural Network-based Graph Embedding for Cross-Platform Binary Code
               Similarity Detection},
  journal   = {CoRR},
  volume    = {abs/1708.06525},
  year      = {2017},
  url       = {http://arxiv.org/abs/1708.06525},
  archivePrefix = {arXiv},
  eprint    = {1708.06525},
  timestamp = {Tue, 05 Sep 2017 10:03:46 +0200},
  biburl    = {https://dblp.org/rec/bib/journals/corr/abs-1708-06525},
  bibsource = {dblp computer science bibliography, https://dblp.org}
}

@inproceedings{smola2007hilbert,
	Author = {Smola, Alex and Gretton, Arthur and Song, Le and Sch{\"o}lkopf, Bernhard},
	Booktitle = {International Conference on Algorithmic Learning Theory},
	Date-Added = {2018-05-23 07:47:19 +0000},
	Date-Modified = {2018-05-23 07:47:19 +0000},
	Organization = {Springer},
	Pages = {13--31},
	Title = {A Hilbert space embedding for distributions},
	Year = {2007}}

@article{mcculloch1943logical,
	Author = {McCulloch, Warren S and Pitts, Walter},
	Date-Added = {2018-05-23 07:41:05 +0000},
	Date-Modified = {2018-05-23 07:41:05 +0000},
	Journal = {The bulletin of mathematical biophysics},
	Number = {4},
	Pages = {115--133},
	Publisher = {Springer},
	Title = {A logical calculus of the ideas immanent in nervous activity},
	Volume = {5},
	Year = {1943}}

@article{kohonen1988introduction,
	Author = {Kohonen, Teuvo},
	Date-Added = {2018-05-23 07:40:10 +0000},
	Date-Modified = {2018-05-23 07:40:10 +0000},
	Journal = {Neural networks},
	Number = {1},
	Pages = {3--16},
	Publisher = {Elsevier},
	Title = {An introduction to neural computing},
	Volume = {1},
	Year = {1988}}

@article{wainwright2008graphical,
	Author = {Wainwright, Martin J and Jordan, Michael I and others},
	Date-Added = {2018-05-23 07:39:07 +0000},
	Date-Modified = {2018-05-23 07:39:07 +0000},
	Journal = {Foundations and Trends{\textregistered} in Machine Learning},
	Number = {1--2},
	Pages = {1--305},
	Publisher = {Now Publishers, Inc.},
	Title = {Graphical models, exponential families, and variational inference},
	Volume = {1},
	Year = {2008}}

@inproceedings{jaakkola1999using,
	Author = {Jaakkola, Tommi S and Diekhans, Mark and Haussler, David},
	Booktitle = {ISMB},
	Date-Added = {2018-05-23 07:37:07 +0000},
	Date-Modified = {2018-05-23 07:37:07 +0000},
	Pages = {149--158},
	Title = {Using the Fisher kernel method to detect remote protein homologies.},
	Volume = {99},
	Year = {1999}}

@incollection{leslie2001spectrum,
	Author = {Leslie, Christina and Eskin, Eleazar and Noble, William Stafford},
	Booktitle = {Biocomputing 2002},
	Date-Added = {2018-05-23 07:35:11 +0000},
	Date-Modified = {2018-05-23 07:35:11 +0000},
	Pages = {564--575},
	Publisher = {World Scientific},
	Title = {The spectrum kernel: A string kernel for SVM protein classification},
	Year = {2001}}

@inproceedings{shervashidze2009efficient,
	Author = {Shervashidze, Nino and Vishwanathan, SVN and Petri, Tobias and Mehlhorn, Kurt and Borgwardt, Karsten},
	Booktitle = {Artificial Intelligence and Statistics},
	Date-Added = {2018-05-23 07:33:33 +0000},
	Date-Modified = {2018-05-23 07:33:33 +0000},
	Pages = {488--495},
	Title = {Efficient graphlet kernels for large graph comparison},
	Year = {2009}}

@inproceedings{dai2016discriminative,
	Author = {Dai, Hanjun and Dai, Bo and Song, Le},
	Booktitle = {International Conference on Machine Learning},
	Date-Added = {2018-05-23 07:32:39 +0000},
	Date-Modified = {2018-05-23 07:32:39 +0000},
	Pages = {2702--2711},
	Title = {Discriminative embeddings of latent variable models for structured data},
	Year = {2016}}

@inproceedings{white2016deep,
	Author = {White, Martin and Tufano, Michele and Vendome, Christopher and Poshyvanyk, Denys},
	Booktitle = {Proceedings of the 31st IEEE/ACM International Conference on Automated Software Engineering},
	Date-Added = {2018-05-23 07:31:31 +0000},
	Date-Modified = {2018-05-23 07:31:31 +0000},
	Organization = {ACM},
	Pages = {87--98},
	Title = {Deep learning code fragments for code clone detection},
	Year = {2016}}


@article{Jiang2005Size,
  title={形状记忆聚合物研究现状与发展},
  author={姜敏 and 彭少贤 and 郦华兴},
  journal={现代塑料加工应用},
  volume={17},
  number={2},
  pages={53-56},
  year={2005},
}

@article{Takahashi1996Structure,
  title={Structure and properties of shape‐memory polyurethane block copolymers},
  author={Takahashi, Toshisada and Hayashi, Noriya and Hayashi, Shunichi},
  journal={Journal of Applied Polymer Science},
  volume={60},
  number={7},
  pages={1061-1069},
  year={1996},
}

@inproceedings{Xia2002Analysis,
  title={Analysis of Affective Characteristics and Evaluation of Harmonious Feeling of Image Based on 1/f Fluctuation Theory},
  author={Xia, Mao and Chen, Bin and Gang, Zhu and Itsya, Muta},
  booktitle={Developments in Applied Artificial Intelligence,  International Conference on Industrial and Engineering, Applications of Artificial Intelligence and Expert Systems, Iea/aie 2002, Cairns, Australia, June 17-20, 2002, Proceedings},
  pages={780-789},
  year={2002},
}

@misc{Jiang1989,
  title={一种温热外敷药的制备方法},
  author={姜锡洲},
  year={1989},
}

@article{Mao2000Motion,
  title={情感工学破解"舒服"之谜},
  author={毛峡},
  journal={科技文萃},
  number={7},
  pages={157-158},
  year={2000},
}

@article{Feng1998,
  title={核反应堆管道和压力容器的LBB分析},
  author={冯西桥 and 何树延},
  journal={力学进展},
  volume={28},
  number={2},
  pages={198-217},
  year={1998},
}

@article{chess2011software,
  title={Software security in practice},
  author={Chess, Brian and Arkin, Brad},
  journal={IEEE Security \& Privacy},
  volume={9},
  number={2},
  pages={89--92},
  year={2011},
  publisher={IEEE}
}

@article{shan2002,
  title={计算机漏洞分类研究},
  author={单国栋 and 戴英侠 and 王航},
  journal={计算机工程},
  volume={28},
  number={10},
  pages={3--6},
  year={2002}
}

@article{vassilev2014importance,
  title={The importance of entropy to information security},
  author={Vassilev, Apostol and Hall, Timothy A},
  journal={Computer},
  volume={47},
  number={2},
  pages={78--81},
  year={2014},
  publisher={IEEE}
}

@article{li2017wannacry,
  title={WannaCry 勒索病毒预防及应对策略研究},
  author={李潇 and 刘俊奇 and 范明翔},
  journal={电脑知识与技术: 学术交流},
  volume={13},
  number={7},
  pages={19--20},
  year={2017}
}

@phdthesis{zhang2014,
  title={从美国 “棱镜计划” 看我国网络信息安全问题},
  author={张钢},
  year={2014}
}

@inproceedings{hovemeyer2005evaluating,
  title={Evaluating and tuning a static analysis to find null pointer bugs},
  author={Hovemeyer, David and Spacco, Jaime and Pugh, William},
  booktitle={ACM SIGSOFT Software Engineering Notes},
  volume={31},
  number={1},
  pages={13--19},
  year={2005},
  organization={ACM}
}

@book{gong2008,
  author ="宫云战 and 赵瑞莲 and 张威", 
  year="2008", 
  title="软件测试教程", 
  pages={89--90}
  publisher ="机械工业出版社" 
}

@book{gong2006,
	author ="宫云战", 
	year="2006", 
	title="软件测试", 
	publisher ="国防工业出版" 
}

@article{wei2009safety,
	title={The Safety Of Software Design Loophole Dynamic State Examination Technique Analysis [J]},
	author={Wei, PENG},
	journal={CD Technology},
	volume={4},
	pages={015},
	year={2009}
}

@article{lin2008static,
	title={Static detecting techniques of software security flaws},
	author={Lin, Zhang and Qing-kai, Zeng},
	journal={Computer Engineering},
	volume={34},
	number={12},
	pages={157--159},
	year={2008}
}

@Misc{coverity2009,
	note = "\url{https://www.synopsys.com/blogs/software-security/}",
	title = {Coverity Scan Report}
}

@inproceedings{osman2016tracking,
	title={Tracking null checks in open-source Java systems},
	author={Osman, Haidar and Leuenberger, Manuel and Lungu, Mircea and Nierstrasz, Oscar},
	booktitle={Software Analysis, Evolution, and Reengineering (SANER), 2016 IEEE 23rd International Conference on},
	volume={1},
	pages={304--313},
	year={2016},
	organization={IEEE}
}

@article{xie2007saturn,
	title={Saturn: A scalable framework for error detection using boolean satisfiability},
	author={Xie, Yichen and Aiken, Alex},
	journal={ACM Transactions on Programming Languages and Systems (TOPLAS)},
	volume={29},
	number={3},
	pages={16},
	year={2007},
	publisher={ACM}
}

@mastersthesis{wang2015,
  title={基于判断逻辑的空指针引用模式检测},
  author={王锐强},
  school={北京邮电大学},
  year={2015},
}

@mastersthesis{wangxu2015,
	title={基于控制流分析和数据流分析的Java程序静态检测方法的研究},
	author={王旭},
	school={西安电子科技大学},
	year={2015},
}

@inproceedings{loginov2008verifying,
	title={Verifying dereference safety via expanding-scope analysis},
	author={Loginov, Alexey and Yahav, Eran and Chandra, Satish and Fink, Stephen and Rinetzky, Noam and Nanda, Mangala},
	booktitle={Proceedings of the 2008 international symposium on Software testing and analysis},
	pages={213--224},
	year={2008},
	organization={ACM}
}

@article{madhavan2011null,
	title={Null dereference verification via over-approximated weakest pre-conditions analysis},
	author={Madhavan, Ravichandhran and Komondoor, Raghavan},
	journal={ACM Sigplan Notices},
	volume={46},
	number={10},
	pages={1033--1052},
	year={2011},
	publisher={ACM}
}

@Misc{wala,
	note = "\url{http://wala.sourceforge.net}",
	title = {Wala}
}

@inproceedings{hovemeyer2007finding,
	title={Finding more null pointer bugs, but not too many},
	author={Hovemeyer, David and Pugh, William},
	booktitle={Proceedings of the 7th ACM SIGPLAN-SIGSOFT workshop on Program analysis for software tools and engineering},
	pages={9--14},
	year={2007},
	organization={ACM}
}

@inproceedings{nanda2009accurate,
	title={Accurate interprocedural null-dereference analysis for Java},
	author={Nanda, Mangala Gowri and Sinha, Saurabh},
	booktitle={Proceedings of the 31st International Conference on Software Engineering},
	pages={133--143},
	year={2009},
	organization={IEEE Computer Society}
}

@mastersthesis{yangrui2012,
	title={数组空指针故障的静态测试方法与实现},
	author={杨睿},
	school={北京邮电大学},
	year={2012},
}

@article{jiang2017,
	title={空指针异常的自动故障定位方法},
	author={姜淑娟 and 王兴亚 and 张艳梅 and 李威 and 鞠小林 and 刘颖祺 and others},
	journal={通信学报},
	volume={36},
	number={1},
	pages={18--29},
	year={2017}
}